@Book{goodfellow,
  title =	 {Deep Learning},
  author =	 {Ian Goodfellow and Yoshua Bengio and Aaron
                  Courville},
  publisher =	 {MIT Press, ISBN: 9780262337434},
  note =	 {\url{http://www.deeplearningbook.org}},
  year =	 2016
}

@Book{hartley,
  author =	 "Hartley, R.~I. and Zisserman, A.",
  title =	 "Multiple View Geometry in Computer Vision",
  edition =	 "Second",
  year =	 2004,
  publisher =	 "Cambridge University Press, ISBN: 0521540518"
}

@Book{jain,
  author =	 "Anil K. Jain",
  year =	 1989,
  title =	 "Fundamentals of Digital Image Processing",
  publisher =	 "Englewood Cliffs NJ: Prentice-Hall"
}

@inproceedings{gatys2016image,
  title={Image style transfer using convolutional neural networks},
  author={Gatys, Leon A and Ecker, Alexander S and Bethge, Matthias},
  booktitle={Computer Vision and Pattern Recognition (CVPR), 2016 IEEE Conference on},
  pages={2414--2423},
  year={2016},
  organization={IEEE}
}

@inproceedings{krizhevsky2012imagenet,
  title={Imagenet classification with deep convolutional neural networks},
  author={Krizhevsky, Alex and Sutskever, Ilya and Hinton, Geoffrey E},
  booktitle={Advances in neural information processing systems},
  pages={1097--1105},
  year={2012}
}

@article{simonyan2014very,
  title={Very deep convolutional networks for large-scale image recognition},
  author={Simonyan, Karen and Zisserman, Andrew},
  journal={arXiv preprint arXiv:1409.1556},
  year={2014}
}

@article{kyprianidis2013state,
  title={State of the" Art‚Äù: A Taxonomy of Artistic Stylization Techniques for Images and Video},
  author={Kyprianidis, Jan Eric and Collomosse, John and Wang, Tinghuai and Isenberg, Tobias},
  journal={IEEE transactions on visualization and computer graphics},
  volume={19},
  number={5},
  pages={866--885},
  year={2013},
  publisher={IEEE}
}
@article{fei2006one,
  title={One-shot learning of object categories},
  author={Fei-Fei, Li and Fergus, Rob and Perona, Pietro},
  journal={IEEE transactions on pattern analysis and machine intelligence},
  volume={28},
  number={4},
  pages={594--611},
  year={2006},
  publisher={IEEE}
}

@article{griffin2007caltech,
  title={Caltech-256 object category dataset},
  author={Griffin, Gregory and Holub, Alex and Perona, Pietro},
  year={2007},
  publisher={California Institute of Technology}
}

@misc{engstrom2016faststyletransfer,
  author = {Logan Engstrom},
  title = {Fast Style Transfer},
  year = {2016},
  howpublished = {\url{https://github.com/lengstrom/fast-style-transfer/}},
  note = {commit xxxxxxx}
}
@article{huang2017arbitrary,
  title={Arbitrary style transfer in real-time with adaptive instance normalization},
  author={Huang, Xun and Belongie, Serge},
  journal={CoRR, abs/1703.06868},
  year={2017}
}

@inproceedings{he2016deep,
  title={Deep residual learning for image recognition},
  author={He, Kaiming and Zhang, Xiangyu and Ren, Shaoqing and Sun, Jian},
  booktitle={Proceedings of the IEEE conference on computer vision and pattern recognition},
  pages={770--778},
  year={2016}
}
@inproceedings{zeiler2014visualizing,
  title={Visualizing and understanding convolutional networks},
  author={Zeiler, Matthew D and Fergus, Rob},
  booktitle={European conference on computer vision},
  pages={818--833},
  year={2014},
  organization={Springer}
}
@inproceedings{johnson2016Perceptual,
  title={Perceptual losses for real-time style transfer and super-resolution},
  author={Johnson, Justin and Alahi, Alexandre and Fei-Fei, Li},
  booktitle={European Conference on Computer Vision},
  year={2016}
}
@ARTICLE{dumoulin2016learned,
    author = {Dumoulin, Vincent and Shlens, Jonathon and Kudlur, Manjunath},
  keywords = {Computer Science - Computer Vision and Pattern Recognition, Computer Science - Learning},
     title = {A Learned Representation For Artistic Style},
   journal = {arXiv e-prints},
    volume = {abs/1610.07629},
      year = {2016},
       url = {https://arxiv.org/abs/1610.07629},
Accepted at ICLR 2017 conference
}
